<?xml version="1.0" encoding="UTF-8"?>
<collection xmlns:xsi="http://www.w3.org/2001/XMLSchema-instance" xsi:schemaLocation="http://www.loc.gov/MARC21/slim http://www.loc.gov/standards/marcxml/schema/MARC21slim.xsd" xmlns="http://www.loc.gov/MARC21/slim">
<record>
  <leader>01311cam a2200265 a 4500</leader>
  <controlfield tag="001">3071405</controlfield>
  <controlfield tag="003">NNC</controlfield>
  <controlfield tag="005">20121018201253.0</controlfield>
  <controlfield tag="008">980107s1954    ua       i    001 0 arard</controlfield>
  <datafield tag="035" ind1=" " ind2=" ">
    <subfield code="a">(OCoLC)ocm38164539</subfield>
  </datafield>
  <datafield tag="035" ind1=" " ind2=" ">
    <subfield code="9">ATP4379CU</subfield>
  </datafield>
  <datafield tag="035" ind1=" " ind2=" ">
    <subfield code="a">(NNC)3071405</subfield>
  </datafield>
  <datafield tag="040" ind1=" " ind2=" ">
    <subfield code="a">FUG</subfield>
    <subfield code="c">FUG</subfield>
    <subfield code="d">ZCU</subfield>
  </datafield>
  <datafield tag="099" ind1=" " ind2=" ">
    <subfield code="a">893.7J11</subfield>
    <subfield code="a">O1</subfield>
    <subfield code="a">Index</subfield>
  </datafield>
  <datafield tag="100" ind1="1" ind2=" ">
    <subfield code="a">Wiet, Gaston,</subfield>
    <subfield code="d">1887-1971.</subfield>
  </datafield>
  <datafield tag="245" ind1="1" ind2="0">
    <subfield code="a">Fihris ʻAjāʾib al-āthār fī al-tarājim wa-al-akhbār :</subfield>
    <subfield code="b">ʻan al-naskhah al-maṭbūʻah fī 4 ajzāʾ fī Maṭbaʻat Būlāq sanat 1297 H. /</subfield>
    <subfield code="c">ʻAbd al-Raḥmān al-Jabartī ; qāma bi-ʻamalihi Jāstūn Vīyit ; rājaʻahu wa-nassaqahu wa-ashrafa ʻalá ṭabʻihi ʻAbd al-Raḥmān Zakī.</subfield>
  </datafield>
  <datafield tag="246" ind1="1" ind2="5">
    <subfield code="a">Index de Djabarti Merveilles biographiques et historiques</subfield>
  </datafield>
  <datafield tag="260" ind1=" " ind2=" ">
    <subfield code="a">Miṣr :</subfield>
    <subfield code="b">Dār al-Maʻārif,</subfield>
    <subfield code="c">1954.</subfield>
  </datafield>
  <datafield tag="300" ind1=" " ind2=" ">
    <subfield code="a">299 p. ;</subfield>
    <subfield code="c">25 cm.</subfield>
  </datafield>
  <datafield tag="500" ind1=" " ind2=" ">
    <subfield code="a">Title on added t.p.: Index de Djabarti Merveilles biographiques et historiques.</subfield>
  </datafield>
  <datafield tag="500" ind1=" " ind2=" ">
    <subfield code="a">Introduction in French.</subfield>
  </datafield>
  <datafield tag="500" ind1=" " ind2=" ">
    <subfield code="a">At head of title: Jamʻīyah al-Miṣrīyah lil-Dirāsāt al Tarīkhīyah.</subfield>
  </datafield>
  <datafield tag="600" ind1="1" ind2="0">
    <subfield code="a">Jabartī, ʻAbd al-Raḥmān,</subfield>
    <subfield code="d">1754-1822.</subfield>
    <subfield code="t">ʻAjāʼib al-āthār fī al-tarājim wa-al-akhbār</subfield>
    <subfield code="v">Indexes.</subfield>
  </datafield>
  <datafield tag="710" ind1="2" ind2=" ">
    <subfield code="a">Jamʻīyah al-Miṣrīyah lil-Dirāsāt al-Tārīkhīyah.</subfield>
  </datafield>
  <datafield tag="955" ind1=" " ind2=" ">
    <subfield code="b">CU58871853</subfield>
    <subfield code="d">off,glx</subfield>
    <subfield code="e">893.7J11 O1 Index</subfield>
  </datafield>
</record>
</collection>